% !TeX encoding = Windows-1251

@ARTICLE{def_inf,
  author  = {И.П. Батаева},
  title = {Защита информации и информационная безопасность},
  journal = {Труды Международного симпозиума «Надежность и качество»},
  year = {2012},
  volume  = {1},
  language = {russian},
  pages          = {256--260},
}

@ARTICLE{shifr,
  author  = {Е.В. Мешкова},
  title = {Симметричное шифрование. Стандарт шифрования данных des},
  journal = {Контентус},
  year = {2016},
  volume  = {1},
  language = {russian},
  pages          = {154--158},
}

@ARTICLE{crypto,
  author  = {А.С. Чернов},
  title = {КРИПТОГРАФИЧЕСКАЯ ЗАЩИТА ИНФОРМАЦИИ},
  journal = {Вестник магистратуры},
  year = {2019},
  volume  = {1-1},
  language = {russian},
  pages          = {19--20},
}

@BOOK{monitoring,
  title = {Мониторинг ИБ [{Э}лектронный ресурс]},
  note = {URL: ~\url{https://www.securityvision.ru/info/monitoring-informacionnoy-bezopasnosti/} (Дата обращения: 25.05.2024) Загл. с экр. Яз. рус.},


}

@ARTICLE{main_methods,
  author  = {Я.А. Чумбуридзе},
  title = {ОСНОВНЫЕ МЕТОДЫ РЕЗЕРВНОГО КОПИРОВАНИЯ ДЛЯ ОБЕСПЕЧЕНИЯ БЕЗОПАСНОСТИ ИНФОРМАЦИИ},
  journal = {Международный журнал гуманитарных и естественных наук},
  year = {2023},
  volume  = {3-2},
  language = {russian},
  pages          = {57--60},
}


